%YAML 1.1
%TAG !u! tag:unity3d.com,2011:
--- !u!1 &2597949693064154411
GameObject:
  m_ObjectHideFlags: 0
  m_CorrespondingSourceObject: {fileID: 0}
  m_PrefabInstance: {fileID: 0}
  m_PrefabAsset: {fileID: 0}
  serializedVersion: 6
  m_Component:
  - component: {fileID: 4058110698075289176}
  - component: {fileID: 1373973924698096797}
  m_Layer: 10
  m_Name: BakeryPrefabLightmapData
  m_TagString: Untagged
  m_Icon: {fileID: 0}
  m_NavMeshLayer: 0
  m_StaticEditorFlags: 0
  m_IsActive: 1
--- !u!4 &4058110698075289176
Transform:
  m_ObjectHideFlags: 0
  m_CorrespondingSourceObject: {fileID: 0}
  m_PrefabInstance: {fileID: 0}
  m_PrefabAsset: {fileID: 0}
  m_GameObject: {fileID: 2597949693064154411}
  m_LocalRotation: {x: -0, y: -0, z: -0, w: 1}
  m_LocalPosition: {x: 5.32, y: -0.6236565, z: 1.8391818}
  m_LocalScale: {x: 0.5, y: 0.5, z: 0.5}
  m_Children: []
  m_Father: {fileID: 2575159640383903089}
  m_RootOrder: 0
  m_LocalEulerAnglesHint: {x: 0, y: 0, z: 0}
--- !u!114 &1373973924698096797
MonoBehaviour:
  m_ObjectHideFlags: 0
  m_CorrespondingSourceObject: {fileID: 0}
  m_PrefabInstance: {fileID: 0}
  m_PrefabAsset: {fileID: 0}
  m_GameObject: {fileID: 2597949693064154411}
  m_Enabled: 1
  m_EditorHideFlags: 0
  m_Script: {fileID: 11500000, guid: b7fa80e7116296f4eb4f49ec1544ee22, type: 3}
  m_Name: 
  m_EditorClassIdentifier: 
  renderSettingsBounces: 5
  renderSettingsGISamples: 16
  renderSettingsGIBackFaceWeight: 0
  renderSettingsTileSize: 512
  renderSettingsPriority: 2
  renderSettingsTexelsPerUnit: 20
  renderSettingsForceRefresh: 1
  renderSettingsForceRebuildGeometry: 1
  renderSettingsPerformRendering: 1
  renderSettingsUserRenderMode: 0
  renderSettingsDistanceShadowmask: 0
  renderSettingsSettingsMode: 0
  renderSettingsFixSeams: 1
  renderSettingsDenoise: 1
  renderSettingsDenoise2x: 0
  renderSettingsEncode: 1
  renderSettingsEncodeMode: 0
  renderSettingsOverwriteWarning: 0
  renderSettingsAutoAtlas: 1
  renderSettingsUnwrapUVs: 1
  renderSettingsMaxAutoResolution: 4096
  renderSettingsMinAutoResolution: 16
  renderSettingsUnloadScenes: 1
  renderSettingsGILODMode: 0
  renderSettingsGILODModeEnabled: 1
  renderSettingsCheckOverlaps: 0
  renderSettingsSkipOutOfBoundsUVs: 1
  renderSettingsHackEmissiveBoost: 1
  renderSettingsHackIndirectBoost: 1
  renderSettingsTempPath: 
  renderSettingsOutPath: 
  renderSettingsUseScenePath: 0
  renderSettingsHackAOIntensity: 0
  renderSettingsHackAOSamples: 16
  renderSettingsHackAORadius: 1
  renderSettingsShowAOSettings: 0
  renderSettingsShowTasks: 1
  renderSettingsShowTasks2: 0
  renderSettingsShowPaths: 1
  renderSettingsShowNet: 1
  renderSettingsOcclusionProbes: 0
  renderSettingsTexelsPerMap: 0
  renderSettingsTexelsColor: 1
  renderSettingsTexelsMask: 1
  renderSettingsTexelsDir: 1
  renderSettingsShowDirWarning: 1
  renderSettingsRenderDirMode: 0
  renderSettingsShowCheckerSettings: 0
  renderSettingsSamplesWarning: 1
  renderSettingsPrefabWarning: 1
  renderSettingsSplitByScene: 0
  renderSettingsUVPaddingMax: 0
  renderSettingsBeepOnFinish: 0
  renderSettingsExportTerrainAsHeightmap: 1
  renderSettingsRTXMode: 0
  renderSettingsLightProbeMode: 0
  renderSettingsClientMode: 0
  renderSettingsServerAddress: 127.0.0.1
  renderSettingsUnwrapper: 0
  renderSettingsExportTerrainTrees: 0
  renderSettingsShowPerf: 1
  lastBakeTime: 0
  enlightenWarningShown: 0
  enlightenWarningShown2: 0
  lightUIDs: 
  lights: []
  implicitGroups: []
  implicitGroupedObjects: []
  bounds: []
  hasEmissive: 
  uvBuffOffsets: 
  uvBuffLengths: 
  uvSrcBuff: []
  uvDestBuff: []
  lmrIndicesOffsets: 
  lmrIndicesLengths: 
  lmrIndicesBuff: 
  lmGroupLODResFlags: 
  lmGroupMinLOD: 
  lmGroupLODMatrix: 
  serverGetFileList: []
  lightmapHasColor: 
  lightmapHasMask: 
  lightmapHasDir: 
  lightmapHasRNM: 
  modifiedAssetPathList: []
  modifiedAssets: []
  debugTex: {fileID: 0}
  debugRT: {fileID: 0}
  maps:
  - {fileID: 2800000, guid: 9b57d7f7f90e04b479bea29dcfc8ad95, type: 3}
  masks: []
  dirMaps: []
  rnmMaps0: []
  rnmMaps1: []
  rnmMaps2: []
  mapsMode: 
  bakedRenderers:
  - {fileID: 6219481826195764386}
  bakedIDs: 00000000
  bakedScaleOffset:
  - {x: 0.0014295263, y: 0.0014295278, z: 0.62558544, w: 0.95296633}
  bakedVertexOffset: 
  bakedVertexColorMesh:
  - {fileID: 0}
  nonBakedRenderers: []
  bakedLights: []
  bakedLightChannels: 
  bakedRenderersTerrain: []
  bakedIDsTerrain: 
  bakedScaleOffsetTerrain: []
  assetList: []
  uvOverlapAssetList: 
  idremap: 00000000
  usesRealtimeGI: 0
  emptyDirectionTex: {fileID: 0}
--- !u!1 &7637762540519256425
GameObject:
  m_ObjectHideFlags: 0
  m_CorrespondingSourceObject: {fileID: 0}
  m_PrefabInstance: {fileID: 0}
  m_PrefabAsset: {fileID: 0}
  serializedVersion: 6
  m_Component:
  - component: {fileID: 2575159640383903089}
  - component: {fileID: 730908090133211421}
  - component: {fileID: 6219481826195764386}
  - component: {fileID: 1493215430609762745}
  - component: {fileID: 4302390627702079629}
  - component: {fileID: 1215112193}
  m_Layer: 10
  m_Name: Target
  m_TagString: Target
  m_Icon: {fileID: 0}
  m_NavMeshLayer: 0
  m_StaticEditorFlags: 4294967295
  m_IsActive: 1
--- !u!4 &2575159640383903089
Transform:
  m_ObjectHideFlags: 0
  m_CorrespondingSourceObject: {fileID: 0}
  m_PrefabInstance: {fileID: 0}
  m_PrefabAsset: {fileID: 0}
  m_GameObject: {fileID: 7637762540519256425}
  m_LocalRotation: {x: 0, y: 0, z: 0, w: 1}
  m_LocalPosition: {x: 0, y: -0.03268691, z: -0.038363416}
  m_LocalScale: {x: 2, y: 2, z: 2}
  m_Children:
  - {fileID: 4058110698075289176}
  m_Father: {fileID: 0}
  m_RootOrder: 0
  m_LocalEulerAnglesHint: {x: 0, y: 0, z: 0}
--- !u!33 &730908090133211421
MeshFilter:
  m_ObjectHideFlags: 0
  m_CorrespondingSourceObject: {fileID: 0}
  m_PrefabInstance: {fileID: 0}
  m_PrefabAsset: {fileID: 0}
  m_GameObject: {fileID: 7637762540519256425}
  m_Mesh: {fileID: 4300000, guid: b4b2b0b344ca2844d86e777810838471, type: 3}
--- !u!23 &6219481826195764386
MeshRenderer:
  m_ObjectHideFlags: 0
  m_CorrespondingSourceObject: {fileID: 0}
  m_PrefabInstance: {fileID: 0}
  m_PrefabAsset: {fileID: 0}
  m_GameObject: {fileID: 7637762540519256425}
  m_Enabled: 1
  m_CastShadows: 1
  m_ReceiveShadows: 1
  m_DynamicOccludee: 1
  m_MotionVectors: 1
  m_LightProbeUsage: 1
  m_ReflectionProbeUsage: 1
  m_RenderingLayerMask: 1
  m_RendererPriority: 0
  m_Materials:
  - {fileID: 2100000, guid: c9b70c41f14076d44abf37e555bd955f, type: 2}
  m_StaticBatchInfo:
    firstSubMesh: 0
    subMeshCount: 0
  m_StaticBatchRoot: {fileID: 0}
  m_ProbeAnchor: {fileID: 0}
  m_LightProbeVolumeOverride: {fileID: 0}
  m_ScaleInLightmap: 1
  m_PreserveUVs: 0
  m_IgnoreNormalsForChartDetection: 0
  m_ImportantGI: 0
  m_StitchLightmapSeams: 0
  m_SelectedEditorRenderState: 3
  m_MinimumChartSize: 4
  m_AutoUVMaxDistance: 0.5
  m_AutoUVMaxAngle: 89
  m_LightmapParameters: {fileID: 0}
  m_SortingLayerID: 0
  m_SortingLayer: 0
  m_SortingOrder: 0
--- !u!64 &1493215430609762745
MeshCollider:
  m_ObjectHideFlags: 0
  m_CorrespondingSourceObject: {fileID: 0}
  m_PrefabInstance: {fileID: 0}
  m_PrefabAsset: {fileID: 0}
  m_GameObject: {fileID: 7637762540519256425}
  m_Material: {fileID: 0}
  m_IsTrigger: 0
  m_Enabled: 1
  serializedVersion: 3
  m_Convex: 0
  m_CookingOptions: 14
  m_Mesh: {fileID: 4300000, guid: 4aa4cfe5755cc4e4e81e2deedd0c8630, type: 3}
--- !u!114 &4302390627702079629
MonoBehaviour:
  m_ObjectHideFlags: 0
  m_CorrespondingSourceObject: {fileID: 0}
  m_PrefabInstance: {fileID: 0}
  m_PrefabAsset: {fileID: 0}
  m_GameObject: {fileID: 7637762540519256425}
  m_Enabled: 1
  m_EditorHideFlags: 0
  m_Script: {fileID: 11500000, guid: 2aedf07e3b06dbe45abaf00abcccc634, type: 3}
  m_Name: 
  m_EditorClassIdentifier: 
  OnTargetHit:
    m_PersistentCalls:
      m_Calls: []
    m_TypeName: UnityEngine.Events.UnityEvent, UnityEngine.CoreModule, Version=0.0.0.0,
      Culture=neutral, PublicKeyToken=null
--- !u!114 &1215112193
MonoBehaviour:
  m_ObjectHideFlags: 0
  m_CorrespondingSourceObject: {fileID: 0}
  m_PrefabInstance: {fileID: 0}
  m_PrefabAsset: {fileID: 0}
  m_GameObject: {fileID: 7637762540519256425}
  m_Enabled: 1
  m_EditorHideFlags: 0
  m_Script: {fileID: 11500000, guid: 6090ef81e51c0ad4da5a1a37e6cf65cf, type: 3}
  m_Name: 
  m_EditorClassIdentifier: 
  enableBaking: 1
  errorMessage: this GameObject is not a prefab
